@article{herrmann2008non,
  title={Non-parametric seismic data recovery with curvelet frames},
  author={Herrmann, Felix J and Hennenfent, Gilles},
  journal={Geophysical Journal International},
  volume={173},
  number={1},
  pages={233--248},
  year={2008},
  publisher={Blackwell Publishing Ltd Oxford, UK}
}

@article{oliveira2018interpolating,
  title={Interpolating seismic data with conditional generative adversarial networks},
  author={Oliveira, Dario AB and Ferreira, Rodrigo S and Silva, Reinaldo and Brazil, Emilio Vital},
  journal={IEEE Geoscience and Remote Sensing Letters},
  volume={15},
  number={12},
  pages={1952--1956},
  year={2018},
  publisher={IEEE}
}

@article{kaur2021seismic,
  title={Seismic data interpolation using deep learning with generative adversarial networks},
  author={Kaur, Harpreet and Pham, Nam and Fomel, Sergey},
  journal={Geophysical Prospecting},
  volume={69},
  number={2},
  pages={307--326},
  year={2021},
  publisher={European Association of Geoscientists \& Engineers}
}

@article{candes2008introduction,
  title={An introduction to compressive sampling},
  author={Cand{\`e}s, Emmanuel J and Wakin, Michael B},
  journal={IEEE signal processing magazine},
  volume={25},
  number={2},
  pages={21--30},
  year={2008},
  publisher={IEEE}
}

@article{naghizadeh2012seismic,
  title={Seismic data interpolation and denoising in the frequency-wavenumber domain},
  author={Naghizadeh, Mostafa},
  journal={Geophysics},
  volume={77},
  number={2},
  pages={V71--V80},
  year={2012},
  publisher={Society of Exploration Geophysicists}
}

@article{spitz1991seismic,
  title={Seismic trace interpolation in the FX domain},
  author={Spitz, Simon},
  journal={Geophysics},
  volume={56},
  number={6},
  pages={785--794},
  year={1991},
  publisher={Society of Exploration Geophysicists}
}

@article{naghizadeh2011seismic,
  title={Seismic data interpolation using a fast generalized Fourier transform},
  author={Naghizadeh, Mostafa and Innanen, Kristopher A},
  journal={Geophysics},
  volume={76},
  number={1},
  pages={V1--V10},
  year={2011},
  publisher={Society of Exploration Geophysicists}
}

@article{mirza2014conditional,
  title={Conditional generative adversarial nets},
  author={Mirza, Mehdi and Osindero, Simon},
  journal={arXiv preprint arXiv:1411.1784},
  year={2014}
}

@inproceedings{siahkoohi2018seismic,
  title={Seismic data reconstruction with generative adversarial networks},
  author={Siahkoohi, Ali and Kumar, Rajiv and Herrmann, F},
  booktitle={80th EAGE conference and exhibition 2018},
  volume={2018},
  number={1},
  pages={1--5},
  year={2018},
  organization={European Association of Geoscientists \& Engineers}
}

@inproceedings{schonewille2014comparison,
  title={Comparison of 3D time-domain radon and matching-pursuit Fourier interpolation},
  author={Schonewille, MA and Dishberger, DM and Kapadia, Deepak},
  booktitle={76th EAGE Conference and Exhibition 2014},
  volume={2014},
  number={1},
  pages={1--5},
  year={2014},
  organization={European Association of Geoscientists \& Engineers}
}

@incollection{kaur2019seismic,
  title={Seismic data interpolation using CycleGAN},
  author={Kaur, Harpreet and Pham, Nam and Fomel, Sergey},
  booktitle={SEG technical program expanded abstracts 2019},
  pages={2202--2206},
  year={2019},
  publisher={Society of Exploration Geophysicists}
}

@article{lecun1998gradient,
  title={Gradient-based learning applied to document recognition},
  author={LeCun, Yann and Bottou, L{\'e}on and Bengio, Yoshua and Haffner, Patrick},
  journal={Proceedings of the IEEE},
  volume={86},
  number={11},
  pages={2278--2324},
  year={1998},
  publisher={Ieee}
}

@article{shelhamer2017fully,
  title={Fully convolutional networks for semantic segmentation.},
  author={Shelhamer, Evan and Long, Jonathan and Darrell, Trevor and others},
  journal={IEEE Trans. Pattern Anal. Mach. Intell.},
  volume={39},
  number={4},
  pages={640--651},
  year={2017}
}

@inproceedings{ronneberger2015u,
  title={U-net: Convolutional networks for biomedical image segmentation},
  author={Ronneberger, Olaf and Fischer, Philipp and Brox, Thomas},
  booktitle={Medical Image Computing and Computer-Assisted Intervention--MICCAI 2015: 18th International Conference, Munich, Germany, October 5-9, 2015, Proceedings, Part III 18},
  pages={234--241},
  year={2015},
  organization={Springer}
}

@inproceedings{long2015fully,
  title={Fully convolutional networks for semantic segmentation},
  author={Long, Jonathan and Shelhamer, Evan and Darrell, Trevor},
  booktitle={Proceedings of the IEEE conference on computer vision and pattern recognition},
  pages={3431--3440},
  year={2015}
}

@article{deng2012mnist,
  title={The mnist database of handwritten digit images for machine learning research [best of the web]},
  author={Deng, Li},
  journal={IEEE signal processing magazine},
  volume={29},
  number={6},
  pages={141--142},
  year={2012},
  publisher={IEEE}
}

@article{xiao2017fashion,
  title={Fashion-mnist: a novel image dataset for benchmarking machine learning algorithms},
  author={Xiao, Han and Rasul, Kashif and Vollgraf, Roland},
  journal={arXiv preprint arXiv:1708.07747},
  year={2017}
}

@article{saxena2021generative,
  title={Generative adversarial networks (GANs) challenges, solutions, and future directions},
  author={Saxena, Divya and Cao, Jiannong},
  journal={ACM Computing Surveys (CSUR)},
  volume={54},
  number={3},
  pages={1--42},
  year={2021},
  publisher={ACM New York, NY, USA}
}

@article{stolt2002seismic,
  title={Seismic data mapping and reconstruction},
  author={Stolt, Robert H},
  journal={Geophysics},
  volume={67},
  number={3},
  pages={890--908},
  year={2002},
  publisher={Society of Exploration Geophysicists}
}

@article{ronen1987wave,
  title={Wave-equation trace interpolation},
  author={Ronen, Joshua},
  journal={Geophysics},
  volume={52},
  number={7},
  pages={973--984},
  year={1987},
  publisher={Society of Exploration Geophysicists}
}

@article{khosro2023machine,
  title={Machine learning for seismic exploration: Where are we and how far are we from the holy grail?},
  author={Khosro Anjom, Farbod and Vaccarino, Francesco and Socco, Laura Valentina},
  journal={Geophysics},
  volume={89},
  number={1},
  pages={WA157--WA178},
  year={2023},
  publisher={Society of Exploration Geophysicists}
}